@ARTICLE{2021RMxAA..57..433N,
       author = {{Nagel}, E. and {Guti{\'e}rrez-Canales}, F. and {Morales-Guti{\'e}rrez}, S. and {Sousa}, A.~P.},
        title = "{Interpretation of Optical and IR Light Curves for Transitional Disk Candidates in NGC 2264 Using the Extincted Stellar Radiation and the Emission of Optically Thin Dust Inside the Hole}",
      journal = {\rmxaa},
     keywords = {dust, extinction, protoplanetary disks, stars: pre-main-sequence, Astrophysics - Solar and Stellar Astrophysics},
         year = 2021,
        month = oct,
       volume = {57},
        pages = {433-444},
          doi = {10.22201/ia.01851101p.2021.57.02.15 pdf},
archivePrefix = {arXiv},
       eprint = {2108.12401},
 primaryClass = {astro-ph.SR},
       adsurl = {https://ui.adsabs.harvard.edu/abs/2021RMxAA..57..433N},
      adsnote = {Provided by the SAO/NASA Astrophysics Data System}
}

@ARTICLE{2021RNAAS...5...51B,
       author = {{Barrag{\'a}n}, Oscar and {Aigrain}, Suzanne and {Gillen}, Edward and {Guti{\'e}rrez-Canales}, Fernando},
        title = "{TESS Re-observes the Young Multi-planet System TOI-451: Refined Ephemeris and Activity Evolution}",
      journal = {Research Notes of the American Astronomical Society},
     keywords = {Exoplanets, Stellar activity, Transits, 498, 1580, 1711, Astrophysics - Earth and Planetary Astrophysics},
         year = 2021,
        month = mar,
       volume = {5},
       number = {3},
          eid = {51},
        pages = {51},
          doi = {10.3847/2515-5172/abef70},
archivePrefix = {arXiv},
       eprint = {2103.09746},
 primaryClass = {astro-ph.EP},
       adsurl = {https://ui.adsabs.harvard.edu/abs/2021RNAAS...5...51B},
      adsnote = {Provided by the SAO/NASA Astrophysics Data System}
}

